<record><leader>00000cas a22000007a 4500</leader><controlfield tag="001">18504426</controlfield><controlfield tag="008">880920d19591962mduwr ne      0    0eng d</controlfield><datafield ind1=" " ind2=" " tag="010"><subfield code="a">sn 88065081 </subfield></datafield><datafield ind1=" " ind2=" " tag="040"><subfield code="a">MFN</subfield><subfield code="b">eng</subfield><subfield code="c">MFN</subfield><subfield code="d">OCLCQ</subfield></datafield><datafield ind1=" " ind2=" " tag="042"><subfield code="a">msc</subfield></datafield><datafield ind1="0" ind2=" " tag="130"><subfield code="a">County paper (Towson, Md.)</subfield></datafield><datafield ind1="1" ind2="4" tag="245"><subfield code="a">The county paper.</subfield></datafield><datafield ind1=" " ind2=" " tag="260"><subfield code="a">Towson, Md. :</subfield><subfield code="b">County Paper, Inc.</subfield></datafield><datafield ind1=" " ind2=" " tag="300"><subfield code="a">v.</subfield></datafield><datafield ind1=" " ind2=" " tag="310"><subfield code="a">Weekly</subfield></datafield><datafield ind1="0" ind2=" " tag="362"><subfield code="a">Vol. 1, no. 1 (Apr. 9, 1959)-v. 4, no. 28 (July 12, 1962).</subfield></datafield><datafield ind1=" " ind2=" " tag="752"><subfield code="a">United States</subfield><subfield code="b">Maryland</subfield><subfield code="c">Baltimore</subfield><subfield code="d">Towson.</subfield></datafield><datafield ind1="0" ind2="4" tag="780"><subfield code="t">Eastern enterprise</subfield><subfield code="w">(DLC)sn 88065085</subfield></datafield><datafield ind1="0" ind2="4" tag="780"><subfield code="t">Union news (Towson, Md.)</subfield><subfield code="w">(DLC)sn 88065113</subfield></datafield><datafield ind1="0" ind2="0" tag="785"><subfield code="t">County news week</subfield><subfield code="w">(DLC)sn 88065082</subfield></datafield></record>